{1:F01INGBNL2ABXXX0000000000}
{2:I940INGBNL2AXXXN}
{4:
:20:P210429000000001
:25:NL34RABO0327101691EUR
:28C:00000
:60F:C210301EUR1437,54
:61:2103010301D476,57NTRFNONREF//21030100000001
/TRCD/00100/
:86:/CNTP/NL43INGB0002821135//D. Bannie///REMI/USTD// /
:62F:C210301EUR960,97
:64:C210301EUR960,97
:65:C210301EUR960,97
:65:C210301EUR960,97
:86:/SUM/1/0/476,57/0,00/
-}

{1:F01INGBNL2ABXXX0000000000}
{2:I940INGBNL2AXXXN}
{4:
:20:P210429000000001
:25:NL34RABO0327101691EUR
:28C:00000
:60F:C210302EUR960,97
:61:2103020301D3,10NTRFNONREF//21030200000002
/TRCD/00100/
:86:/CNTP///Kosten///REMI/USTD//Rabo BasisPakket Periode 01-03-20
21 t*m 31-03-2021/
:62F:C210302EUR957,87
:64:C210302EUR957,87
:65:C210302EUR957,87
:65:C210302EUR957,87
:86:/SUM/1/0/3,10/0,00/
-}
{1:F01INGBNL2ABXXX0000000000}
{2:I940INGBNL2AXXXN}
{4:
:20:P210429000000001
:25:NL34RABO0327101691EUR
:28C:00000
:60F:C210304EUR957,87
:61:2103040304D27,72NTRFNONREF//21030400000003
/TRCD/00100/
:86:/CNTP/NL26RABO0140251111//InShared Nederland B.V.///REMI/USTD
//2103020925578885 INSH130925500001 NL60ZZZ321410680000 Factuur 2
021*02 nr. 1309255.00033/
:62F:C210304EUR930,15
:64:C210304EUR930,15
:65:C210304EUR930,15
:65:C210304EUR930,15
:86:/SUM/1/0/27,72/0,00/
-}
{1:F01INGBNL2ABXXX0000000000}
{2:I940INGBNL2AXXXN}
{4:
:20:P210429000000001
:25:NL34RABO0327101691EUR
:28C:00000
:60F:C210305EUR930,15
:61:2103050305D6,98NTRFNONREF//21030500000004
/TRCD/00100/
:86:/CNTP/NL58RABO0102825025//HEMA Schadeverzekeringen///REMI/UST
D//2103036085697980 HEMA126085600001 NL12ZZZ512557900000 Factuur 
2021*03 nr. 1260856.00068/
:61:2103050305D647,95NTRFNONREF//21030500000005
/TRCD/00100/
:86:/CNTP/NL51DEUT0265262361//SanitairCounter B.V. via Mollie///R
EMI/USTD//05-03-2021 10:12 1150001484534192 M06675111M9GSACB 1150
001484534192 100127883 badplaats.nl x7693 pasnr.010/
:62F:C210305EUR275,22
:64:C210305EUR275,22
:65:C210305EUR275,22
:65:C210305EUR275,22
:86:/SUM/2/0/654,93/0,00/
-}
